@misc{wang03,
    author = "Avery Li-Chun Wang",
    title = "An Industrial-Strength Audio Search Algorithm",
    year = "2003",
    howpublished = "\url{http://www.ee.columbia.edu/~dpwe/papers/Wang03-shazam.pdf}"
}

@misc{iia08,
    author = "Irish internet association",
    journal = "State of the Net", 
    title = "Broadband Coverage",
    month = "June",
    year = "2008",
    howpublished = "\url{http://www.iia.ie/resources/download/356/}",
    page = "3"
}

@misc{redcode10,
    author = "Roy van Rijn",
    title = "Creating Shazam in Java",
    month = "June",
    year = "2010",
    howpublished = "\url{http://www.redcode.nl/blog/2010/06/creating-shazam-in-java/}"
}

@misc{laplacian09,
    author = "Bryan Jacobs",
    title = "How Shazam Works",
    month = "January",
    year = "2009",
    howpublished = "\url{http://laplacian.wordpress.com/2009/01/10/how-shazam-works/}"
}

@inbook{preston06,
    author = "Scott Preston",
    title = "The definitive guide to building Java robots",
    chapter = "6 - Vision",
    publisher = "Apress",
    year = "2006"
}

@book{rogers09,
    author = "Rick Rogers and John Mombardo and Zigurd Mednieks and Blake Meike",
    title = "Android application development",
    publisher = "O'Reilly",
    year = "2009"
}

@book{bradski08,
   author = "Gary Bradski and Adrian Kaehler",
   title = "Learning OpenCV",
   publisher = "O'Reilly",
   year = "2008"
}
